@inproceedings{laniado2011wikipedians,
  title={When the wikipedians talk: Network and tree structure of wikipedia discussion pages.},
  author={Laniado, David and Tasso, Riccardo and Volkovich, Yana and Kaltenbrunner, Andreas},
  booktitle={ICWSM},
  year={2011}
}
@inproceedings{collier2012conflict,
  title={Conflict, criticism, or confidence: an empirical examination of the gender gap in wikipedia contributions},
  author={Collier, Benjamin and Bear, Julia},
  booktitle={Proceedings of the ACM 2012 conference on computer supported cooperative work},
  pages={383--392},
  year={2012},
  organization={ACM}
}

@misc{glott2010analysis,
  title={Analysis of Wikipedia survey data: Age and gender differences},
  author={Glott, R and Ghosh, R},
  year={2010},
  publisher={Retrieved from http:// www. wikipediastudy. org/ docs/ Wikipedia \_ Age \_ Gender \_30 March}
}
@inproceedings{viegas2007talk,
  title={Talk before you type: Coordination in Wikipedia},
  author={Viegas, Fernanda B and Wattenberg, Martin and Kriss, Jesse and Van Ham, Frank},
  booktitle={System Sciences, 2007. HICSS 2007. 40th Annual Hawaii International Conference on},
  pages={78--78},
  year={2007},
  organization={IEEE}
}